@MISC{distrograph,
	HOWPUBLISHED = "\url{https://github.com/jappeace/distrowatch1graph1svg}",
	AUTHOR = "Jappie Klooster",
	TITLE = "Distribution graph"
}

@MISC{distrowatch,
	HOWPUBLISHED = "\url{https://distrowatch.com/}",
	AUTHOR = "{Unsigned Integer Limited}",
	TITLE = "DistroWatch"
}

@MISC{linux,
	HOWPUBLISHED = "\url{https://www.kernel.org/}",
	AUTHOR = "{Linux Kernel Organization}",
	TITLE = "The Linux Kernel Archives"
}

@MISC{gnu,
	HOWPUBLISHED = "\url{https://www.gnu.org/}",
	AUTHOR = "{Free Software Foundation}",
	TITLE = "GNU Operating System"
}
